<?xml version="1.0" encoding="UTF-8"?>
<collection xmlns:xsi="http://www.w3.org/2001/XMLSchema-instance" xsi:schemaLocation="http://www.loc.gov/MARC21/slim http://www.loc.gov/standards/marcxml/schema/MARC21slim.xsd" xmlns="http://www.loc.gov/MARC21/slim">
<record>
  <leader>01010cam a22002411a 4500</leader>
  <controlfield tag="001">2760801</controlfield>
  <controlfield tag="003">NNC</controlfield>
  <controlfield tag="005">20130425223331.0</controlfield>
  <controlfield tag="008">001114s1924    le            000 0 ara d</controlfield>
  <datafield tag="035" ind1=" " ind2=" ">
    <subfield code="a">(OCoLC)ocm45348651</subfield>
  </datafield>
  <datafield tag="035" ind1=" " ind2=" ">
    <subfield code="9">ARM6552CU</subfield>
  </datafield>
  <datafield tag="035" ind1=" " ind2=" ">
    <subfield code="a">(NNC)2760801</subfield>
  </datafield>
  <datafield tag="040" ind1=" " ind2=" ">
    <subfield code="a">ZCU</subfield>
    <subfield code="c">ZCU</subfield>
  </datafield>
  <datafield tag="090" ind1=" " ind2=" ">
    <subfield code="a">DS247.H46</subfield>
    <subfield code="b">I25</subfield>
  </datafield>
  <datafield tag="100" ind1="1" ind2=" ">
    <subfield code="a">Ibn ʻAqīl, Muḥammad,</subfield>
    <subfield code="d">1862 or 1863-1931 or 1932.</subfield>
  </datafield>
  <datafield tag="240" ind1="1" ind2="0">
    <subfield code="a">Faṣl al-ḥākim fī al-Nizāʻ wa-al-takhāṣum fī-mā bayna Banī Umayyah wa-Banī Hāshim</subfield>
  </datafield>
  <datafield tag="245" ind1="1" ind2="0">
    <subfield code="a">Kitāb Faṣl al-ḥākim fī al-nizāʻ wa-al-takhāsum fīmā bayna Banī Umayyah wa-Banī Hāshim /</subfield>
    <subfield code="c">jamʻa Muḥammad ībn ʻAqīl ibn ʻAbd Allāh ibn Yaḥyā.</subfield>
  </datafield>
  <datafield tag="260" ind1=" " ind2=" ">
    <subfield code="a">Ṣaydā :</subfield>
    <subfield code="b">Maṭbaʻat al-ʻIrfān,</subfield>
    <subfield code="c">1343 [1924]</subfield>
  </datafield>
  <datafield tag="300" ind1=" " ind2=" ">
    <subfield code="a">30 p. ;</subfield>
    <subfield code="c">23 cm.</subfield>
  </datafield>
  <datafield tag="600" ind1="1" ind2="0">
    <subfield code="a">Maqrīzī, Aḥmad ibn ʻAlī,</subfield>
    <subfield code="d">1364-1442.</subfield>
    <subfield code="t">Nizāʻ wa-al-takhāṣum fī-mā bayna Banī Umayyah wa-Banī Hāshim.</subfield>
  </datafield>
  <datafield tag="600" ind1="3" ind2="0">
    <subfield code="a">Umayyad dynasty.</subfield>
  </datafield>
  <datafield tag="650" ind1=" " ind2="0">
    <subfield code="a">Hashimites.</subfield>
  </datafield>
  <datafield tag="955" ind1=" " ind2=" ">
    <subfield code="b">CU52905268</subfield>
    <subfield code="d">off,glx</subfield>
    <subfield code="e">DS247.H46 I25</subfield>
  </datafield>
</record>
</collection>